02RETORNO01COBRANCA       00000000000004466911ACME SA                       237BRADESCO       1104120160000000042                                                                                                                                                                                                                                                                          130412         000001
1020414679200016800000090142000169102                         00000000000000000097000000000000000000000000090211041215        00000000000000000097120412000000000050023700523  000000000025200000000000000000000000000000000000000000000000000000000000000000000000000000000000000000000000000000000                          0000000000                                                                  000002
1020414679200016800000090142000169102                         00000000000000000097000000000000000000000000090611041215        00000000000000000097120412000000000050023701420  000000000000000000000000000000000000000000000000000000000000000000000000000000000000000050000000000000000000000000000   130412             00000000000000                                                                  000003
9201237          000000010000000000020000000042          00001000000000500000000000500000010000000005000000000000000000000000000000000000000000000000000000000000000000000000000000000000000                                                                                                                                                                              00000000000000000000000         000004
